@article{Schirner:embedded,
  title= {Automatic generation of hardware dependent software for MPSoCs from abstract system specifications},
  journal= {2008 Asia and South Pacific Design Automation Conference},
  author= {Schirner, Gunar and Gerstlauer, Andreas and Domer, Rainer},
  year= {2008},
  month= {Jan}
},

@book{sw_engineering_ian,
  Author = {Ian Sommerville},
  Title = {Software Engineering (9th Edition)},
  Publisher = {Addison-Wesley},
  Year = {2010},
  ISBN = {0137035152}
},

@phdthesis{sean_quan_lau_domain_2006,
	address = {Canada},
	type = {Master's thesis},
	title = {Domain Analysis of {E-Commerce} Systems Using {Feature-Based} Model Templates},
	school = {University of Waterloo},	
	author = {Lau, Sean Quan},
	year = {2006}
},

@INPROCEEDINGS{srivastava_program_2010,
  author = {Srivastava, Saurabh and Gulwani, Sumit and Foster, Jeffrey S.},
  title = {From program verification to program synthesis},
  booktitle = {{POPL'10}},
  year = {2010},
  pages = {313--326},
  month = jan,
  urldate = {2012-04-04}
},

@inproceedings{Bondarev_etal_2007,
	Author = {Bondarev, E. and Chaudron, M. R. V. and {de Kock}, E. A.},
	Booktitle = {Proceedings of WOSPâ07},
	Month = feb,
	Pages = {153--163},
	Title = {Exploring performance trade-offs of a JPEG decoder using the DeepCompass framework},
	Year = {2007}
},


@inproceedings{ArcheOpterix,
	Author = {Aleti, A. and Bjornander, S. and Grunske, L. and Meedeniya, I.},
	Booktitle = {Proceedings of the International Workshop on Model-Based Methodologies for Pervasive and Embedded Software (MOMPES)},
	Month = feb,
	Pages = {61--71},
	Title = {Archeopterix: An extendable tool for architecture optimization of AADL models},
	Year = {2009}
},

@inproceedings{PerOpteryx,
	Author = {Martens, A. and Koziolek, H. and Becker, S. and Reussner, R. H.},
	Booktitle = {Proceedings of the 1st Int. Conf. on Performance Engineering},
	Keywords = {component dependency, Data mining, dynamic adaptation},
	Month = feb,
	Pages = {105--116},
	Title = {Automatically improve software models for performance, reliability and cost using genetic algorithms},
	Year = {2010}
},

@INPROCEEDINGS{cadar_multiplicity_2010,
  author = {Cadar, Cristian and Pietzuch, Peter and Wolf, Alexander L.},
  title = {Multiplicity computing: a vision of software engineering for next-generation
	computing platform applications},
  booktitle = {Proceedings of the {FSE/SDP} workshop on Future of software engineering
	research},
  year = {2010},
  series = {{FoSER} '10},
  pages = {81--86},
  address = {New York, {NY}, {USA}},
  publisher = {{ACM}},
  doi = {10.1145/1882362.1882380},
  isbn = {978-1-4503-0427-6},
  keywords = {cloud computing, data centers, multicore, virtualization},
  shorttitle = {Multiplicity computing},
  url = {http://doi.acm.org/10.1145/1882362.1882380},
  urldate = {2013-09-12}
},

@inproceedings{verify_to_synthesis,
 author = {Srivastava, Saurabh and Gulwani, Sumit and Foster, Jeffrey S.},
 title = {From Program Verification to Program Synthesis},
 booktitle = {Proceedings of the 37th Annual ACM SIGPLAN-SIGACT Symposium on Principles of Programming Languages},
 series = {POPL '10},
 year = {2010},
 location = {Madrid, Spain},
 publisher = {ACM},
 address = {New York, NY, USA}
},

@article{program_sketching,
  year  = {2012},
  month = {Aug},
  publisher = {Springer Science $+$ Business Media},
  volume = {15},
  number = {5-6},
  author = {Armando Solar-Lezama},
  title = {Program sketching},
  journal = {International Journal on Software Tools for Technology Transfer}
},

@incollection{genetic_Improvement_code_transplate,
  year  = {2014},
  publisher = {Springer Science $+$ Business Media},
  author = {Justyna Petke and Mark Harman and William B. Langdon and Westley Weimer},
  title = {Using Genetic Improvement and Code Transplants to Specialise a C$+$$+$ Program to a Problem Class},
  booktitle = {Genetic Programming}
},

@inproceedings{post_compiler_optimize,
 author = {Schulte, Eric and Dorn, Jonathan and Harding, Stephen and Forrest, Stephanie and Weimer, Westley},
 title = {Post-compiler Software Optimization for Reducing Energy},
 booktitle = {Proceedings of the 19th International Conference on Architectural Support for Programming Languages and Operating Systems},
 series = {ASPLOS '14},
 year = {2014},
 isbn = {978-1-4503-2305-5},
 location = {Salt Lake City, Utah, USA},
 publisher = {ACM},
 address = {New York, NY, USA}
},

@article{tool_for_program_synthesis,
 author = {Perelman, Daniel and Gulwani, Sumit and Grossman, Dan and Provost, Peter},
 title = {Test-driven Synthesis},
 journal = {SIGPLAN Not.},
 issue_date = {June 2014},
 volume = {49},
 number = {6},
 month = jun,
 year = {2014},
 issn = {0362-1340},
 publisher = {ACM},
 address = {New York, NY, USA}
},

@INPROCEEDINGS{tool_for_sw_synthesis,
    author = {I. Assayad and V. Bertin and F-x. Defaut and Ph. Gerner and O. Quévreux and S. Yovine},
    title = {JAHUEL: A formal framework for software synthesis},
    booktitle = {in ICFEM'05},
    year = {2005},
},

@inproceedings{DBLP:conf/icfem/AssayadBDGQY05,
  author    = {Ismail Assayad and
               Val{\'{e}}rie Bertin and
               F.{-}X. Defaut and
               Philippe Gerner and
               O. Qu{\'{e}}vreux and
               Sergio Yovine},
  title     = {Jahuel: {A} Formal Framework for Software Synthesis},
  booktitle = {7th International Conference on Formal Engineering Methods, {ICFEM} 2005, Proceedings},
  location = {Manchester, UK},
  year      = {2005}
}

@inproceedings{tool_for_parallel_compiler_transformations,
  year  = {2003},
  publisher = {Institute of Electrical {\&} Electronics Engineers ({IEEE})},
  author = {S. Gupta and N. Dutt and R. Gupta and A. Nicolau},
  title = {{SPARK}: a high-level synthesis framework for applying parallelizing compiler transformations},
  booktitle = {16th International Conference on {VLSI} Design, 2003. Proceedings.}
},

@inproceedings{tool_for_data_extraction,
 author = {Le, Vu and Gulwani, Sumit},
 title = {FlashExtract: A Framework for Data Extraction by Examples},
 booktitle = {Proceedings of the 35th ACM SIGPLAN Conference on Programming Language Design and Implementation},
 series = {PLDI '14},
 location = {Edinburgh, United Kingdom},
 publisher = {ACM},
 address = {New York, NY, USA}
},

@inproceedings{tool_for_education_progressions,
 author = {Andersen, Erik and Gulwani, Sumit and Popovic, Zoran},
 title = {A Trace-based Framework for Analyzing and Synthesizing Educational Progressions},
 booktitle = {Proceedings of the SIGCHI Conference on Human Factors in Computing Systems},
 series = {CHI '13},
 location = {Paris, France},
 publisher = {ACM},
 address = {New York, NY, USA}
},

@article{tool_for_embedded_system,
 author = {Kang, D.-I. and Gerber, R. and Golubchik, L. and Hollingsworth, J. K. and Saksena, M.},
 title = {A Software Synthesis Tool for Distributed Embedded System Design},
 journal = {SIGPLAN Not.},
 volume = {34},
 number = {7},
 month = {May},
 year = {1999},
 publisher = {ACM},
 address = {New York, NY, USA}
}, 

@inproceedings{Katebi:2011:SAT,
 author = {Katebi, Hadi and Sakallah, Karem A. and Marques-Silva, Jo\~{a}o P.},
 title = {Empirical Study of the Anatomy of Modern Sat Solvers},
 booktitle = {Proceedings of the 14th International Conference on Theory and Application of Satisfiability Testing},
 series = {SAT'11},
 year = {2011},
 location = {Ann Arbor, MI},
 publisher = {Springer-Verlag}
},

@article{Manna:deductive_approach,
 author = {Manna, Zohar and Waldinger, Richard},
 title = {A Deductive Approach to Program Synthesis},
 journal = {ACM Trans. Program. Lang. Syst.},
 month = {Jan},
 year = {1980},
 publisher = {ACM},
 address = {New York, NY, USA}
}, 

@article{daniel_jackson_alloy:lightweight_2002,
	title = {Alloy: a lightweight object modelling notation},
	volume = {11},
	number = {2},
	journal = {{ACM} Transactions on Software Engineering and Methodology {(TOSEM)}},
	author = {Daniel Jackson},
	year = {2002}
},

@inproceedings{trademaker,
 author = {Bagheri, Hamid and Tang, Chong and Sullivan, Kevin},
 title = {TradeMaker: Automated Dynamic Analysis of Synthesized Tradespaces},
 booktitle = {Proceedings of the 36th International Conference on Software Engineering},
 series = {ICSE 2014},
 year = {2014},
 location = {Hyderabad, India},
 publisher = {ACM},
 address = {New York, NY, USA}
},


@misc{tpc,
	title = {{TPC benchmarks}},
	url = {http://www.tpc.org},
	howpublished = {http://www.tpc.org}
},

@misc{aws_emr,
  title = {{AWS EMR}},
  url = {https://aws.amazon.com/emr/},
  howpublished = {https://aws.amazon.com/emr/}
},

@misc{innodb,
	title = {{NULLs in InnoDB}},
	howpublished = {http://dev.mysql.com/doc/refman/5.6/en/innodb-physical-record.html}
},

@misc{ndbcluster,
	title = {{NULLs in NDBCLUSTER}},
	howpublished = {http://dev.mysql.com/doc/refman/5.6/en/storage-requirements.html}
},

@MISC{XMI_intro,
  title={An introduction to XMI},
  url={https://eclipse.org/gmt/omcw/resources/chapter04/downloads/IntroductionToXMI.SINTEF.ppt},
  urldate = {2016-04-22}
},

@book{high_performance_mysql,
    author    = {Baron Schwartz and Peter Zaitsev and Vadim Tkachenko},
    title     = {High Performance MySQL: Optimization, Backups, and Replication},
    publisher = {O'Reilly Media},
    edition  = {3rd},
    year      = {2012},
    month    = {April}
},

@misc{FlagshipDocs4,
	title = {Flagship Docs 4},
	url = {https://github.com/wtg/flagship\_docs\_4},
  note = {Accessed: 2015-10-22}
},

@inproceedings{baroni_formal_2005,
	title = {A Formal Definition for {ObjectRelational} Database Metrics},
	url = {http://citeseerx.ist.psu.edu/viewdoc/summary?doi=10.1.1.65.688},
	booktitle = {Proceedings of the 7th International Conference on Enterprise Information System},
	author = {Aline Lucia Baroni and Coral Calero and Mario Piattini and O Brito E Abreu},
	year = {2005}
},

@inproceedings{Gabriel_AOSD,
	title = {Design Beyond Human Abilities},
 	booktitle = {Proceedings of the Fifth International Conference on Aspect-Oriented Software Design (AOSD’06)},
	author = {R. P. Gabriel},
	year = {2006}
},

@article{stefan_holder_towardsmetrics_2008,
	series = {Communications in Computer and Information Science},
	title = {Towards a Metrics Suite for {Object-Relational} Mappings},
	volume = {{CCIC} 8},
	journal = {{Model-Based} Software and Data Integration},
	author = {Stefan Holder and Jim Buchan and Stephen G. {MacDonell}},
	year = {2008}
},

@article{HeidenreichWD08,
  author    = {Florian Heidenreich and
               Christian Wende and
               Birgit Demuth},
  title     = {A Framework for Generating Query Language Code from OCL
               Invariants},
  journal   = {ECEASST},
  volume    = {9},
  year      = {2008}
},

@inproceedings{ChenweiWang12,
  author    = {Chen-Wei Wang and
               Jim Davies},
  title     = {Formal Model-Driven Engineering: Generating Data and Behavioural
               Components},
  booktitle = {FTSCS},
  year      = {2012}
},

@inproceedings{DemuthHL01,
  author    = {Birgit Demuth and
               Heinrich Hu{\ss}mann and
               Sten Loecher},
  title     = {OCL as a Specification Language for Business Rules in Database
               Applications},
  booktitle = {UML},
  year      = {2001}
},

@article{Al-Jumaily:2008,
 author = {Al-Jumaily, Harith T. and Cuadra, Dolores and Mart\'{\i}nez, Paloma},
 title = {Software Architecture: OCL2Trigger: Deriving Active Mechanisms for Relational Databases Using Model-Driven Architecture},
 journal = {J. Syst. Softw.},
 issue_date = {December, 2008},
 volume = {81},
 number = {12},
 month = dec,
 year = {2008},
 issn = {0164-1212},
 publisher = {Elsevier Science Inc.},
 address = {New York, NY, USA}
},

@inproceedings{multiplicity-CadarPW10,
  author    = {Cristian Cadar and
               Peter Pietzuch and
               Alexander L. Wolf},
  title     = {Multiplicity computing: a vision of software engineering
               for next-generation computing platform applications},
  booktitle = {FoSER},
  year      = {2010}
},

@inproceedings{Cabibbo-2005,
 author = {Cabibbo, Luca and Carosi, Antonio},
 title = {Managing Inheritance Hierarchies in Object/Relational Mapping Tools},
 booktitle = {Proceedings of the 17th International Conference on Advanced Information Systems Engineering},
 series = {CAiSE'05},
 year = {2005},
 location = {Porto, Portugal},
 publisher = {Springer-Verlag},
 address = {Berlin, Heidelberg}
},

@inproceedings{Keller97mappingobjects,
    author = {Wolfgang Keller},
    title = {Mapping Objects to Tables - A Pattern Language},
    booktitle = {Proc. Of European Conference on Pattern Languages of Programming Conference (EuroPLOP)},
    year = {1997}
},

@article{Philippi-2005,
 author = {Philippi, Stephan},
 title = {Model Driven Generation and Testing of Object-relational Mappings},
 journal = {J. Syst. Softw.},
 volume = {77},
 number = {2},
 month = {August},
 year = {2005},
 publisher = {Elsevier Science Inc.},
 address = {New York, NY, USA}
},

@book{coq_book,
  title={Interactive theorem proving and program development: Coq’Art: the calculus of inductive constructions},
  author={Bertot, Yves and Cast{\'e}ran, Pierre},
  year={2013},
  publisher={Springer Science \& Business Media}
}


@inproceedings{spark_paper,
 author = {Zaharia, Matei and Chowdhury, Mosharaf and Franklin, Michael J. and Shenker, Scott and Stoica, Ion},
 title = {Spark: Cluster Computing with Working Sets},
 booktitle = {Proceedings of the 2Nd USENIX Conference on Hot Topics in Cloud Computing},
 series = {HotCloud'10},
 year = {2010},
 location = {Boston, MA},
 address = {Berkeley, CA, USA}
},

@inproceedings{orm_metrics,
year={2008},
volume={8},
series={Communications in Computer and Information Science},
editor={Kutsche, Ralf-Detlef and Milanovic, Nikola},
title={Towards a Metrics Suite for Object-Relational Mappings},
publisher={Springer Berlin Heidelberg},
author={Holder, Stefan and Buchan, Jim and MacDonell, StephenG.}
},

@inproceedings{spacemaker,
  title={Spacemaker: Practical Formal Synthesis of Tradeoff Spaces for Object-Relational Mapping.},
  author={Bagheri, Hamid and Sullivan, Kevin J and Son, Sang H},
  booktitle={SEKE},
  year={2012}
},

@misc{Rails,
  title = {Ruby on Rails},
  howpublished = {\url{http://rubyonrails.org}},
  note = {Accessed: 2015-10-22}
},

@misc{Django,
  title = {Django},
  howpublished = {\url{https://www.djangoproject.com}},
  note = {Accessed: 2015-10-22}
},

@article{spitters2011type,
  title={Type classes for mathematics in type theory},
  author={Spitters, Bas and Van der Weegen, Eelis},
  journal={Mathematical Structures in Computer Science},
  volume={21},
  number={04},
  year={2011},
  publisher={Cambridge Univ Press}
},

@article{pelayo2014homotopy,
  title={Homotopy type theory},
  author={Pelayo, {\'A}lvaro and Warren, Michael A and Voevodsky, To Vladimir},
  journal={Gazette des Mathematiciens},
  number={142},
  year={2014},
  publisher={Soci{\'e}t{\'e} Math{\'e}matique de France}
},

@book{chlipala2013certified,
  title={Certified programming with dependent types: a pragmatic introduction to the coq proof assistant},
  author={Chlipala, Adam},
  year={2013},
  publisher={MIT Press}
},

@inproceedings{dwivedi2014model,
  title={Model-based Assistance for Making Time/Fidelity Trade-offs in Component Compositions},
  author={Dwivedi, Vishal and Garlan, David and Pfeffer, Jurgen and Schmerl, Bradley},
  booktitle={Information Technology: New Generations (ITNG), 2014 11th International Conference on},
  year={2014},
  organization={IEEE}
},

@article{dean2008mapreduce,
  title={MapReduce: simplified data processing on large clusters},
  author={Dean, Jeffrey and Ghemawat, Sanjay},
  journal={Communications of the ACM},
  volume={51},
  number={1},
  year={2008},
  publisher={ACM}
},

@inproceedings{gabriel2006design,
  title={Design beyond human abilities},
  author={Gabriel, Richard P},
  booktitle={Aspect-oriented software development: Proceedings of the 5th international conference on Aspect-oriented software development},
  volume={20},
  number={24},
  year={2006}
},

@inproceedings{harman_search_future,
 author = {Harman, Mark},
 title = {The Current State and Future of Search Based Software Engineering},
 booktitle = {2007 Future of Software Engineering},
 series = {FOSE '07},
 year = {2007},
 publisher = {IEEE Computer Society},
 address = {Washington, DC, USA},
},

@inproceedings{weimer_genetic_repaire,
  title={Automatically finding patches using genetic programming},
  author={Weimer, Westley and Nguyen, ThanhVu and Le Goues, Claire and Forrest, Stephanie},
  booktitle={Proceedings of the 31st International Conference on Software Engineering},
  year={2009},
  organization={IEEE Computer Society}
},

@article{jia_higherorder_test,
  title={Higher order mutation testing},
  author={Jia, Yue and Harman, Mark},
  journal={Information and Software Technology},
  volume={51},
  number={10},
  year={2009},
  publisher={Elsevier}
},

@inproceedings{Arcuri2011,
  year  = {2011},
  publisher = {Association for Computing Machinery ({ACM})},
  author = {Andrea Arcuri and Lionel Briand},
  title = {A practical guide for using statistical tests to assess randomized algorithms in software engineering},
  booktitle = {Proceeding of the 33rd international conference on Software engineering - {ICSE} {\textquotesingle}11}
},

@article {MacMinn_test_generation,
author = {McMinn, Phil},
title = {Search-based software test data generation: a survey},
journal = {Software Testing, Verification and Reliability},
volume = {14},
number = {2},
publisher = {John Wiley & Sons, Ltd.},
year = {2004}
}
